<record><leader>00000cas a2200000 a 4500</leader><controlfield tag="001">15112476</controlfield><controlfield tag="008">870126c19689999alucr ne      0   a0eng d</controlfield><datafield ind1=" " ind2=" " tag="010"><subfield code="a">sn 89050006 </subfield></datafield><datafield ind1=" " ind2=" " tag="040"><subfield code="a">AAA</subfield><subfield code="b">eng</subfield><subfield code="c">AAA</subfield><subfield code="d">CPN</subfield><subfield code="d">NSD</subfield><subfield code="d">OCLCQ</subfield></datafield><datafield ind1=" " ind2=" " tag="012"><subfield code="m">1</subfield></datafield><datafield ind1="1" ind2=" " tag="022"><subfield code="a">1096-9810</subfield><subfield code="l">1096-9810</subfield><subfield code="2">1</subfield></datafield><datafield ind1=" " ind2=" " tag="032"><subfield code="a">003862</subfield><subfield code="b">USPS</subfield></datafield><datafield ind1=" " ind2=" " tag="042"><subfield code="a">msc</subfield><subfield code="a">nsdp</subfield></datafield><datafield ind1=" " ind2="4" tag="222"><subfield code="a">The Auburn bulletin</subfield></datafield><datafield ind1="0" ind2="4" tag="245"><subfield code="a">The Auburn bulletin.</subfield></datafield><datafield ind1="3" ind2="0" tag="246"><subfield code="a">Auburn bulletin &amp; the Lee County eagle</subfield></datafield><datafield ind1=" " ind2=" " tag="260"><subfield code="a">Auburn, Ala. :</subfield><subfield code="b">Auburn Bulletin,</subfield><subfield code="c">1968-</subfield></datafield><datafield ind1=" " ind2=" " tag="300"><subfield code="a">v. :</subfield><subfield code="b">ill. ;</subfield><subfield code="c">58 cm.</subfield></datafield><datafield ind1=" " ind2=" " tag="310"><subfield code="a">Semiweekly,</subfield><subfield code="b">&lt;Aug. 18, 1984-&gt;</subfield></datafield><datafield ind1=" " ind2=" " tag="321"><subfield code="a">Frequency varies,</subfield><subfield code="b">&lt;Feb. 8, 1969-Aug. 15, 1984&gt;</subfield></datafield><datafield ind1="0" ind2=" " tag="362"><subfield code="a">Vol. 32, no. 1 (Feb. 8, 1968)-</subfield></datafield><datafield ind1=" " ind2=" " tag="500"><subfield code="a">Sometimes published as: Auburn bulletin &amp; the Lee County Eagle.</subfield></datafield><datafield ind1=" " ind2=" " tag="588"><subfield code="a">Latest issue consulted: Nov. 5, 1997.</subfield></datafield><datafield ind1=" " ind2=" " tag="752"><subfield code="a">United States</subfield><subfield code="b">Alabama</subfield><subfield code="c">Lee</subfield><subfield code="d">Auburn.</subfield></datafield><datafield ind1="0" ind2="0" tag="780"><subfield code="t">Lee county bulletin</subfield><subfield code="w">(DLC)sn 89050005</subfield></datafield></record>